<record><leader>00000cas a22000007a 4500</leader><controlfield tag="001">7805377</controlfield><controlfield tag="008">810930d18461880ohuwr ne      0   a0eng d</controlfield><datafield ind1=" " ind2=" " tag="010"><subfield code="a">sn 84024981 </subfield></datafield><datafield ind1=" " ind2=" " tag="040"><subfield code="a">BTI</subfield><subfield code="b">eng</subfield><subfield code="c">BTI</subfield><subfield code="d">NPV</subfield><subfield code="d">NPU</subfield><subfield code="d">PPM</subfield><subfield code="d">ONP</subfield><subfield code="d">MGN</subfield><subfield code="d">NVF</subfield><subfield code="d">MHN</subfield><subfield code="d">OCL</subfield><subfield code="d">HUL</subfield><subfield code="d">OCLCQ</subfield><subfield code="d">OCLCF</subfield><subfield code="d">OCLCO</subfield></datafield><datafield ind1=" " ind2=" " tag="042"><subfield code="a">msc</subfield></datafield><datafield ind1=" " ind2=" " tag="043"><subfield code="a">n-us-oh</subfield></datafield><datafield ind1=" " ind2=" " tag="090"><subfield code="a">BX9901</subfield></datafield><datafield ind1="0" ind2=" " tag="130"><subfield code="a">Star in the West (Cincinnati, Ohio : 1846)</subfield></datafield><datafield ind1="1" ind2="0" tag="245"><subfield code="a">Star in the West.</subfield></datafield><datafield ind1=" " ind2=" " tag="260"><subfield code="a">Cincinnati [Ohio] :</subfield><subfield code="b">John A. Gurley</subfield></datafield><datafield ind1=" " ind2=" " tag="300"><subfield code="a">v. :</subfield><subfield code="b">ill. (chiefly advertisements) ;</subfield><subfield code="c">54-64 cm.</subfield></datafield><datafield ind1=" " ind2=" " tag="310"><subfield code="a">Weekly</subfield></datafield><datafield ind1="1" ind2=" " tag="362"><subfield code="a">Began in 1846; ceased in Sept. 1880.</subfield></datafield><datafield ind1=" " ind2=" " tag="580"><subfield code="a">Absorbed: Better covenant, in 1847; Western evangelist, in 1847; Western olive branch, in 1850; Christian crucible, in 1872. Cf. Eddy, Richard. Universalism in America, v. 2.</subfield></datafield><datafield ind1=" " ind2=" " tag="588"><subfield code="a">Description based on: Vol. 9, no. 15, (July 18, 1846).</subfield></datafield><datafield ind1=" " ind2="0" tag="651"><subfield code="a">Cincinnati (Ohio)</subfield><subfield code="v">Newspapers.</subfield></datafield><datafield ind1=" " ind2="0" tag="651"><subfield code="a">Hamilton County (Ohio)</subfield><subfield code="v">Newspapers.</subfield></datafield><datafield ind1=" " ind2="7" tag="655"><subfield code="a">Newspapers.</subfield><subfield code="2">fast</subfield><subfield code="0">(OCoLC)fst01423814</subfield></datafield><datafield ind1=" " ind2="7" tag="651"><subfield code="a">Ohio</subfield><subfield code="z">Cincinnati.</subfield><subfield code="2">fast</subfield><subfield code="0">(OCoLC)fst01205142</subfield></datafield><datafield ind1=" " ind2="7" tag="651"><subfield code="a">Ohio</subfield><subfield code="z">Hamilton County.</subfield><subfield code="2">fast</subfield><subfield code="0">(OCoLC)fst01205597</subfield></datafield><datafield ind1=" " ind2=" " tag="752"><subfield code="a">United States</subfield><subfield code="b">Ohio</subfield><subfield code="c">Hamilton</subfield><subfield code="d">Cincinnati.</subfield></datafield><datafield ind1="0" ind2="0" tag="780"><subfield code="t">Star in the West and glad tidings</subfield><subfield code="w">(OCoLC)7805333</subfield></datafield><datafield ind1="1" ind2="5" tag="780"><subfield code="t">Better covenant</subfield><subfield code="g">1847</subfield><subfield code="w">(DLC)  2008235485</subfield><subfield code="w">(OCoLC)181949000</subfield></datafield><datafield ind1="1" ind2="5" tag="780"><subfield code="t">Western evangelist</subfield><subfield code="g">1847</subfield></datafield><datafield ind1="1" ind2="5" tag="780"><subfield code="t">Western olive branch</subfield><subfield code="g">1850</subfield></datafield><datafield ind1="1" ind2="5" tag="780"><subfield code="t">Christian crucible</subfield><subfield code="g">1872</subfield></datafield><datafield ind1="0" ind2="7" tag="785"><subfield code="t">New covenant</subfield><subfield code="w">(OCoLC)6954507</subfield></datafield><datafield ind1="0" ind2="7" tag="785"><subfield code="t">Star and covenant</subfield><subfield code="w">(OCoLC)6956740</subfield></datafield><datafield ind1=" " ind2=" " tag="936"><subfield code="a">Sept. 11, 1880</subfield></datafield></record>